<?xml version="1.0" encoding="UTF-8"?><collection xmlns="http://www.loc.gov/MARC21/slim"><record><leader>00632nam--2200193-i-4500</leader><controlfield tag="001">000034340</controlfield><controlfield tag="002">20161230</controlfield><controlfield tag="005">20161230201040</controlfield><controlfield tag="008">060222s1000------------r-----000-0-eng-d</controlfield><datafield ind1=" " ind2=" " tag="020"><subfield code="a">3540090401</subfield></datafield><datafield ind1=" " ind2=" " tag="040"><subfield code="a">IFIN-HH</subfield></datafield><datafield ind1=" " ind2=" " tag="080"><subfield code="a">621.391</subfield></datafield><datafield ind1="1" ind2=" " tag="100"><subfield code="a">Wolf, Dietrich</subfield></datafield><datafield ind1=" " ind2=" " tag="245"><subfield code="a">Noise in physical systems</subfield><subfield code="b">Proceedings of the fifth international conference on noise, bad nauheim, fed. rep. of germany, march 13-16, 1978</subfield><subfield code="c">Dietrich wolf (ed.)</subfield></datafield><datafield ind1=" " ind2=" " tag="260"><subfield code="a">Berlin</subfield><subfield code="b">Springer-verlag</subfield><subfield code="c">1978</subfield></datafield><datafield ind1=" " ind2=" " tag="300"><subfield code="a">X + 337P</subfield></datafield><datafield ind1=" " ind2=" " tag="490"><subfield code="a">Springer Series In Electrophysics</subfield><subfield code="v">Volume 2</subfield></datafield><datafield ind1=" " ind2=" " tag="852"><subfield code="a">46525</subfield><subfield code="c">537.533</subfield></datafield><datafield ind1=" " ind2=" " tag="CAT"><subfield code="a">Sys</subfield><subfield code="c">20110830</subfield><subfield code="h">102857</subfield></datafield></record></collection>